<record><leader>00000cas a2200000 a 4500</leader><controlfield tag="001">6934284</controlfield><controlfield tag="008">801113d18191821mauwr ne      0   a0eng c</controlfield><datafield ind1=" " ind2=" " tag="010"><subfield code="a">sn 86077246 </subfield></datafield><datafield ind1=" " ind2=" " tag="040"><subfield code="a">BTI</subfield><subfield code="b">eng</subfield><subfield code="c">BTI</subfield><subfield code="d">MUL</subfield><subfield code="d">NPA</subfield><subfield code="d">NPI</subfield><subfield code="d">NYS</subfield><subfield code="d">MGN</subfield><subfield code="d">KNP</subfield><subfield code="d">MGN</subfield><subfield code="d">OBN</subfield><subfield code="d">OCL</subfield><subfield code="d">CVF</subfield><subfield code="d">NYS</subfield><subfield code="d">GUA</subfield><subfield code="d">DLC</subfield><subfield code="d">OCLCQ</subfield><subfield code="d">OCLCF</subfield><subfield code="d">OCLCO</subfield></datafield><datafield ind1="1" ind2=" " tag="029"><subfield code="a">AU@</subfield><subfield code="b">000025809302</subfield></datafield><datafield ind1=" " ind2=" " tag="042"><subfield code="a">pcc</subfield></datafield><datafield ind1=" " ind2=" " tag="043"><subfield code="a">n-us-ma</subfield></datafield><datafield ind1=" " ind2=" " tag="090"><subfield code="a">BX6201</subfield></datafield><datafield ind1="0" ind2="0" tag="245"><subfield code="a">Christian watchman &amp; Baptist register.</subfield></datafield><datafield ind1="3" ind2=" " tag="246"><subfield code="a">Christian watchman and Baptist register</subfield></datafield><datafield ind1="3" ind2=" " tag="246"><subfield code="a">Baptist register</subfield></datafield><datafield ind1=" " ind2=" " tag="260"><subfield code="a">Boston, Mass. :</subfield><subfield code="b">True &amp; Weston,</subfield><subfield code="c">1819-1821.</subfield></datafield><datafield ind1=" " ind2=" " tag="300"><subfield code="a">2 v.</subfield></datafield><datafield ind1=" " ind2=" " tag="310"><subfield code="a">Weekly</subfield></datafield><datafield ind1="0" ind2=" " tag="362"><subfield code="a">Vol. 1, no. 1 (Dec. 4, 1819)-n.s., v. 2, no. 18 (Apr. 14, 1821).</subfield></datafield><datafield ind1=" " ind2=" " tag="500"><subfield code="a">Publisher: True, Weston &amp; Green, &lt;Feb. 10&gt;-Apr. 14, 1821.</subfield></datafield><datafield ind1=" " ind2=" " tag="515"><subfield code="a">Issues for Dec. 4, 1819-Jan. 6, 1821 called also whole no. 27-82.</subfield></datafield><datafield ind1=" " ind2=" " tag="530"><subfield code="a">Also issued on microfilm by University Microfilms as part of the American Periodicals series and by Readex Microprint Corp. as part of the Early American newspapers series; also issued online.</subfield></datafield><datafield ind1=" " ind2="0" tag="651"><subfield code="a">Boston (Mass.)</subfield><subfield code="v">Newspapers.</subfield></datafield><datafield ind1=" " ind2="0" tag="651"><subfield code="a">Suffolk County (Mass.)</subfield><subfield code="v">Newspapers.</subfield></datafield><datafield ind1=" " ind2="7" tag="655"><subfield code="a">Newspapers.</subfield><subfield code="2">fast</subfield><subfield code="0">(OCoLC)fst01423814</subfield></datafield><datafield ind1=" " ind2="7" tag="651"><subfield code="a">Massachusetts</subfield><subfield code="z">Boston.</subfield><subfield code="2">fast</subfield><subfield code="0">(OCoLC)fst01205012</subfield></datafield><datafield ind1=" " ind2="7" tag="651"><subfield code="a">Massachusetts</subfield><subfield code="z">Suffolk County.</subfield><subfield code="2">fast</subfield><subfield code="0">(OCoLC)fst01206189</subfield></datafield><datafield ind1=" " ind2=" " tag="752"><subfield code="a">United States</subfield><subfield code="b">Massachusetts</subfield><subfield code="c">Suffolk</subfield><subfield code="d">Boston.</subfield></datafield><datafield ind1="1" ind2=" " tag="776"><subfield code="t">Christian watchman &amp; Baptist register (Online)</subfield><subfield code="w">(DLC)  2007233760</subfield><subfield code="w">(OCoLC)50318408</subfield></datafield><datafield ind1="0" ind2="0" tag="780"><subfield code="t">Christian watchman (Boston, Mass. : 1819)</subfield><subfield code="x">2157-9253</subfield><subfield code="w">(DLC)sn 86077245</subfield><subfield code="w">(OCoLC)6949720</subfield></datafield><datafield ind1="0" ind2="0" tag="785"><subfield code="t">Christian watchman (Boston, Mass. : 1821)</subfield><subfield code="w">(DLC)sn 86077247</subfield><subfield code="w">(OCoLC)6934358</subfield></datafield><datafield ind1="4" ind2="1" tag="856"><subfield code="u">http://proquest.umi.com/pqdweb</subfield></datafield></record>